<record xmlns="http://www.loc.gov/MARC21/slim" xmlns:xsi="http://www.w3.org/2001/XMLSchema-instance" xsi:schemaLocation="http://www.loc.gov/MARC21/slim http://www.loc.gov/standards/marcxml/schema/MARC21slim.xsd"><leader>00037nz   2200037n  4500</leader><controlfield tag="001">DNB|102402809</controlfield><controlfield tag="003">DNB</controlfield><controlfield tag="005">20080405190923.0</controlfield><controlfield tag="008">930416n||aznnnabbn           | aaa    |c</controlfield><datafield ind1=" " ind2=" " tag="035"><subfield code="a">(DE-101)102402809</subfield></datafield><datafield ind1=" " ind2=" " tag="035"><subfield code="a">(DE-588a)102402809</subfield></datafield><datafield ind1=" " ind2=" " tag="040"><subfield code="a">DE-12</subfield><subfield code="b">ger</subfield><subfield code="c">DE-101</subfield><subfield code="e">rakwb</subfield><subfield code="d">9999</subfield></datafield><datafield ind1=" " ind2=" " tag="079"><subfield code="a">p</subfield><subfield code="q">f</subfield><subfield code="q">p</subfield><subfield code="t">12-PAN</subfield></datafield><datafield ind1="0" ind2=" " tag="100"><subfield code="a">Philiscus</subfield><subfield code="c">Milesius</subfield><subfield code="d">gest. ca. 320 v. Chr.</subfield></datafield><datafield ind1="0" ind2=" " tag="400"><subfield code="a">Philiskos</subfield><subfield code="c">Isokrateer</subfield><subfield code="d">gest. ca. 320 v. Chr.</subfield></datafield><datafield ind1="0" ind2=" " tag="400"><subfield code="a">Philiskos</subfield><subfield code="c">von Miletos</subfield><subfield code="d">gest. ca. 320 v. Chr.</subfield></datafield><datafield ind1="0" ind2=" " tag="400"><subfield code="a">Philiskos</subfield><subfield code="c">Schüler des Isokrates</subfield><subfield code="d">gest. ca. 320 v. Chr.</subfield></datafield><datafield ind1="0" ind2=" " tag="400"><subfield code="a">Philiscus</subfield><subfield code="c">Rhetor</subfield><subfield code="d">gest. ca. 320 v. Chr.</subfield></datafield><datafield ind1="0" ind2=" " tag="400"><subfield code="a">Philiscus</subfield><subfield code="c">Epigrammaticus</subfield><subfield code="d">gest. ca. 320 v. Chr.</subfield></datafield><datafield ind1="0" ind2=" " tag="400"><subfield code="a">Philiskos</subfield><subfield code="c">von Milet</subfield><subfield code="d">gest. ca. 320 v. Chr.</subfield></datafield><datafield ind1="0" ind2=" " tag="400"><subfield code="a">Filisco</subfield><subfield code="c">di Mileto</subfield><subfield code="d">gest. ca. 320 v. Chr.</subfield></datafield><datafield ind1="0" ind2=" " tag="400"><subfield code="a">Filisco</subfield><subfield code="c">Scolaro di Isocrate</subfield><subfield code="d">gest. ca. 320 v. Chr.</subfield></datafield><datafield ind1=" " ind2=" " tag="549"><subfield code="w">i</subfield><subfield code="i">Lebensdaten</subfield><subfield code="a">gest. ca. 320 v. Chr.</subfield></datafield><datafield ind1=" " ind2=" " tag="997"><subfield code="a">0 320 circa</subfield><subfield code="9">1</subfield></datafield></record>